@mastersthesis{battaini2020,
  author = {Battaini, N.},
  title = {Design and dynamic modeling of a VTOL UAV},
  school = {Politecnico di Milano},
  year = {2020}
}

@mastersthesis{martello2021,
  author = {Martello, N.},
  title = {Modelling and integration of an eVTOL UAV},
  school = {Politecnico di Milano},
  year = {2021}
}

@mastersthesis{battaini2022,
  author = {BATTAINI, N.},
  title = {Modelling, control, integration and testing of an eVTOL drone},
  school = {Politecnico di Milano},
  year = {2022}
}

@article{Verbeke,
author = {Verbeke, Jon},
year = {2017},
month = {10},
pages = {},
title = {Experimental maneuverability and agility quantification for rotary unmanned aerial vehicle},
volume = {10},
journal = {International Journal of Micro Air Vehicles},
doi = {10.1177/1756829317736204}
}

@book{leishman2002principles,
  title={Principles of Helicopter Aerodynamics},
  author={Leishman, J.G.},
  isbn={9780521523967},
  lccn={99038291},
  series={Cambridge Aerospace Series},
  url={https://books.google.it/books?id=-PnV2JuLZi4C},
  year={2002},
  publisher={Cambridge University Press}
}

@article{faleiro1999analysis,
  author  = {L.P. Faleiro and A.A. Lambregts},
  title   = {Analysis and tuning of a 'Total Energy Control System' control law using eigenstructure assignment},
  journal = {Aerospace Science and Technology},
  month   = feb,
  year    = {1999}
}

@inproceedings{zhang2019application,
  author    = {J. Zhang and others},
  title     = {Application of Total Energy Control on Vertical Take-off and Landing {UAV}},
  booktitle = {IMCEC 2019},
  month     = may,
  year      = {2019}
}

@techreport{brescianini2013nonlinear,
  author      = {D. Brescianini and M. Hehn and R. D’Andrea},
  title       = {Nonlinear Quadrocopter Attitude Control},
  institution = {ETH Library},
  month       = oct,
  year        = {2013}
}

@manual{mbdynformat,
  title        = {{MBDyn} Input File Format},
  organization = {{MBDyn} Development Team},
  address      = {Online},
  year         = {}
}

@online{mbdynexamples,
  author       = {{MBDyn Development Team}},
  title        = {{MBDyn} Documentation Examples},
  url          = {http://www.aero.polimi.it/mbdyn/documentation/examples/},
  organization = {Politecnico di Milano},
  year         = {}
}

@misc{simulink,
  title        = {Simulink},
  howpublished = {\url{https://www.mathworks.com/products/simulink/}}
}

@techreport{ADS-33,
  author       = {},
  title        = {Handling Qualities Requirements for Military Rotorcraft, Aeronautical Design Standard ADS-33E-PRF, Performance Specification},
  institution  = {},
  address      = {},
  month        = mar,
  year         = {2000}
}

@misc{px4controller,
  title        = {{PX4} Controller Diagrams},
  howpublished = {\url{https://docs.px4.io/v1.12/en/flight_stack/controller_diagrams.html}}
}

@misc{Px4AutopilotWebsite,
  author       = {PX4 Autopilot Website},
  howpublished = {\url{https://px4.io/}}
}

@misc{Px4DiscussionForum,
  author       = {PX4 Autopilot Discussion Forum},
  howpublished = {\url{https://discuss.px4.io/}}
}


@inproceedings{balmer2015modelling,
  author = {Balmer, G. R.},
  title = {Modelling and Control of a Fixed-wing UAV for Landings on Mobile Landing Platforms},
  booktitle = {Royal Institute of Technology},
  month = {October},
  year = {2015}
}

@inproceedings{chudy2009tecs,
  author = {Chudy, P. and Rzucidlo, P.},
  title = {TECS/THCS based flight control system for general aviation},
  booktitle = {AIAA Modeling and Simulation Technologies Conference},
  month = {August},
  year = {2009}
}

@techreport{bruce2009nasa,
  author = {Bruce, K. R.},
  title = {NASA B737 Flight Test Results of the Total Energy Control System},
  institution = {NASA},
  month = {July},
  year = {2009}
}

@mastersthesis{fari2017guidance,
  title={Guidance and control for a fixed-wing UAV},
  author={Fari, S.},
  year={2017},
  school={Politecnico di Milano}
}

@misc{SystemBuild,
  title        = {SystemBuild},
  howpublished = {\url{https://www.ni.com/matrixx/systembuild.htm}}
}

@misc{Scicos,
    title        = {Scicos},
  howpublished = {\url{https://www.scicos.org/}}
}

@misc{ScicosLab,
    title =  {ScicosLab},
  howpublished = {\url{https://www.scicoslab.org/}}
}

@misc{Xcos,
    title  = {Xcos},
  howpublished = {\url{https://www.scilab.org/products/xcos}}
}

@misc{CoronaServo,
  title        = {Corona 939MG Digital Metal Gear Servo},
  howpublished = {\url{https://hobbyking.com/it_it/corona-939mg-digital-metal-gear-servo-2-7kg-0-13sec-12-5g.html}}
}

@inproceedings{Meier2015,
  author       = {Meier, L. and Honegger, D. and Pollefeys, M.},
  title        = {PX4: a node-based multithreaded open source robotics framework for deeply embedded platforms},
  booktitle    = {IEEE International Conference on Robotics and Automation (ICRA)},
  address      = {Seattle, Washington, USA},
  year         = {2015},
  pages        = {6235--6240},
  month        = {May}
}

@article{Thiels2015,
  author       = {Thiels, C. and Aho, J. and Zietlow, S. and others},
  title        = {Use of unmanned aerial vehicles for medical product transport},
  journal      = {Air Med J},
  year         = {2015},
  volume       = {34},
  pages        = {104--108}
}

@article{Jenie2016,
  author       = {Jenie, Y. and van Kampen, E. and de Visser, C. and others},
  title        = {Three-dimensional velocity obstacle method for uncoordinated avoidance maneuvers of unmanned aerial vehicles},
  journal      = {J Guid Control Dyn},
  year         = {2016},
  volume       = {39},
  pages        = {2312--2323}
}

@article{Hosen2016,
  author       = {Hosen, J. and Helgesen, H. and Fusini, L. and others},
  title        = {Vision-aided nonlinear observer for fixed-wing unmanned aerial vehicle navigation},
  journal      = {J Guid Control Dyn},
  year         = {2016},
  volume       = {39},
  pages        = {1777--1789}
}

@techreport{Lawrence1991,
  author       = {Lawrence, T. and Coming, S. and Wharburton, F.},
  title        = {Helicopter maneuverability and agility design sensitivity and air combat maneuver data correlation study},
  institution  = {USAAVSCOM},
  year         = {1991},
  number       = {TR 91-D-3}
}

@techreport{Whalley1991,
  author       = {Whalley, M. S.},
  title        = {Development and evaluation of an inverse solution technique for studying helicopter maneuverability and agility},
  institution  = {NASA},
  year         = {1991},
  number       = {TM 102889, USAAVSCOM TR 90-A-008}
}

@inproceedings{Mehmood2016,
  author       = {Mehmood, H. and Nakamura, T. and Johnson, E. N.},
  title        = {A maneuverability analysis of a novel hexarotor UAV concept},
  booktitle    = {IEEE International Conference on Unmanned Aircraft Systems (ICUAS)},
  address      = {Washington, DC, USA},
  year         = {2016},
  pages        = {437--446}
}

@article{Karimi2011,
  author       = {Karimi, J. and Pourtakdoust, S. H. and Nobahari, H.},
  title        = {Trim and maneuverability analysis of a UAV using a new constrained PSO approach},
  journal      = {J Aerosp Sci Technol},
  year         = {2011},
  volume       = {8},
  pages        = {45--56}
}

@thesis{Campbell2012,
  author       = {Campbell, R.},
  title        = {A comparative framework for maneuverability and gust tolerance of aerial microsystems},
  year         = {2012},
  school       = {University of Maryland},
  address      = {Dept. of Aerospace Engineering, Maryland}
}

@techreport{AVSCOM2000,
  author       = {{AVSCOM}},
  title        = {Aeronautical Design Standard-33-E-PRF: performance specification, handling qualities requirements for military rotorcraft},
  institution  = {AVSCOM},
  year         = {2000}
}

@techreport{Floyd1975,
  author       = {Floyd, D. and Raymond, B. and Stewart, R.},
  title        = {Army preliminary evaluation YAH-1R improved cobra agility and maneuverability helicopter},
  institution  = {US Army},
  year         = {1975},
  number       = {AD-A018 420}
}

@article{Liefer1992,
  author       = {Liefer, R. K. and Valasek, J. and Eggold, D. P. and others},
  title        = {Fighter agility metrics, research and test},
  journal      = {AIAA J Aircraft},
  year         = {1992},
  volume       = {29},
  pages        = {452--457}
}

@article{Paranjape2006,
  author       = {Paranjape, A. and Ananthkrishnan, N.},
  title        = {Combat aircraft agility metrics – a review},
  journal      = {J Aerosp Sci Technol},
  year         = {2006},
  volume       = {58},
  pages        = {1--12}
}

@inproceedings{Yilmaz2009,
  author       = {Yilmaz, D. and Pavel, M.},
  title        = {Exploring the effects of rotor design parameters on helicopter handling qualities},
  booktitle    = {CEAS Air and Space Conference},
  address      = {Manchester, UK},
  year         = {2009},
  isbn         = {9781857682137}
}

@book{Padfield2007,
  author       = {Padfield, G. D.},
  title        = {Helicopter Flight Dynamics},
  edition      = {2nd},
  publisher    = {Wiley-Blackwell},
  address      = {New Jersey, USA},
  year         = {2007},
  chapters     = {6, 7}
}

@book{Dorf2008,
  author       = {Dorf, R. and Bishop, R.},
  title        = {Modern Control Systems},
  edition      = {11th},
  publisher    = {Pearson Education},
  address      = {London, UK},
  year         = {2008},
  chapters     = {5}
}

@inproceedings{Verbeke2014,
  author       = {Verbeke, J. and Hulens, D. and Ramon, H. and others},
  title        = {The design and construction of a high endurance hexacopter suited for narrow corridors},
  booktitle    = {IEEE International Conference on Unmanned Aircraft Systems (ICUAS)},
  address      = {Orlando, FL, USA},
  year         = {2014},
  pages        = {543--551},
  month        = {May}
}

@misc{ArduPilot2009,
  title        = {Ardupilot Autopilot Suite},
  howpublished = {\url{http://ardupilot.org/ardupilot/index.html}}
}

@misc{airfoiltools,
  title        = {airfoil tools},
  howpublished = {\url{https://airfoiltools.com/}}
}

@mastersthesis{Migliore2019,
  author       = {Migliore, Daniele},
  title        = {Model Identification and Inversion-Based Control for Multi-Rotor UAVs},
  school       = {Politecnico di Milano},
  year         = {2019},
  type         = {Laurea Magistrale},
  url          = {https://hdl.handle.net/10589/149487},
  note         = {}
}

@ARTICLE{Zhang9460809,
  author={Zhang, Haotian and Tan, Shaochang and Song, Ziming and Quan, Quan},
  journal={IEEE/ASME Transactions on Mechatronics}, 
  title={Performance Evaluation and Design Method of Lifting-Wing Multicopters}, 
  year={2022},
  volume={27},
  number={3},
  pages={1606-1616},
  keywords={Propellers; Aerodynamics; Vehicle dynamics; Optimization; Force; Performance evaluation; Unmanned aerial vehicles; Aircraft; aircraft propulsion; design optimization; propellers; unmanned aerial vehicles (UAV)},
  doi={10.1109/TMECH.2021.3090667}
}

@mastersthesis{DeMori2021,
  author       = {De Mori, Davide},
  title        = {Flying Qualities of Multi-rotor UAVs: Market Analysis and Parameter Definition},
  school       = {Politecnico di Torino},
  year         = {2021},
  type         = {Laurea Magistrale},
  url          = {http://webthesis.biblio.polito.it/id/eprint/18316},
  note         = {}
}

@book{Leishman2006,
  author       = {Leishman, J. Gordon},
  title        = {Principles of Helicopter Aerodynamics},
  publisher    = {Cambridge University Press},
  year         = {2006},
  edition      = {2nd},
  address      = {New York, USA},
  isbn         = {978-0521858601}
}

@phdthesis{raza2015autonomous,
  title={Autonomous UAV control for low-altitude flight in an urban gust environment},
  author={Raza, Syed Ali},
  year={2015},
  school={Carleton University}
}

@article{Wu2019,
  author = {Wu, Zhenlong and Cao, Yihua and Ismail, M.},
  year = {2019},
  month = {06},
  pages = {1-62},
  title = {Gust loads on aircraft},
  volume = {123},
  journal = {The Aeronautical Journal},
  doi = {10.1017/aer.2019.48}
}
